@article{Nallapati2016,
  author    = {Ramesh Nallapati and
               Bing Xiang and
               Bowen Zhou},
  title     = {Sequence-to-Sequence RNNs for Text Summarization},
  journal   = {CoRR},
  volume    = {abs/1602.06023},
  year      = {2016},
  url       = {http://arxiv.org/abs/1602.06023},
  archivePrefix = {arXiv},
  eprint    = {1602.06023},
  timestamp = {Wed, 07 Jun 2017 14:40:56 +0200},
  biburl    = {https://dblp.org/rec/bib/journals/corr/NallapatiXZ16},
  bibsource = {dblp computer science bibliography, https://dblp.org}
}

@article{Rush2015,
  author    = {Alexander M. Rush and
               Sumit Chopra and
               Jason Weston},
  title     = {A Neural Attention Model for Abstractive Sentence Summarization},
  journal   = {CoRR},
  volume    = {abs/1509.00685},
  year      = {2015},
  url       = {http://arxiv.org/abs/1509.00685},
  archivePrefix = {arXiv},
  eprint    = {1509.00685},
  timestamp = {Wed, 07 Jun 2017 14:43:04 +0200},
  biburl    = {https://dblp.org/rec/bib/journals/corr/RushCW15},
  bibsource = {dblp computer science bibliography, https://dblp.org}
}

@InProceedings{Chopra2016,
  author = 	"Chopra, Sumit
		and Auli, Michael
		and Rush, Alexander M.",
  title = 	"Abstractive Sentence Summarization with Attentive Recurrent Neural Networks",
  booktitle = 	"Proceedings of the 2016 Conference of the North American Chapter of the      Association for Computational Linguistics: Human Language Technologies    ",
  year = 	"2016",
  publisher = 	"Association for Computational Linguistics",
  pages = 	"93--98",
  location = 	"San Diego, California",
  doi = 	"10.18653/v1/N16-1012",
  url = 	"http://www.aclweb.org/anthology/N16-1012"
}

@inproceedings{Nallapati2017,
  author    = {Ramesh Nallapati and
               Feifei Zhai and
               Bowen Zhou},
  title     = {SummaRuNNer: {A} Recurrent Neural Network Based Sequence Model for
               Extractive Summarization of Documents},
  booktitle = {Proceedings of the Thirty-First {AAAI} Conference on Artificial Intelligence,
               February 4-9, 2017, San Francisco, California, {USA.}},
  pages     = {3075--3081},
  year      = {2017},
  url       = {http://aaai.org/ocs/index.php/AAAI/AAAI17/paper/view/14636},
  timestamp = {Mon, 06 Mar 2017 08:17:31 +0100},
  biburl    = {https://dblp.org/rec/bib/conf/aaai/NallapatiZZ17},
  bibsource = {dblp computer science bibliography, https://dblp.org}
}

@InProceedings{Takase2016,
  author = 	"Takase, Sho
		and Suzuki, Jun
		and Okazaki, Naoaki
		and Hirao, Tsutomu
		and Nagata, Masaaki",
  title = 	"Neural Headline Generation on Abstract Meaning Representation",
  booktitle = 	"Proceedings of the 2016 Conference on Empirical Methods in Natural      Language Processing    ",
  year = 	"2016",
  publisher = 	"Association for Computational Linguistics",
  pages = 	"1054--1059",
  location = 	"Austin, Texas",
  doi = 	"10.18653/v1/D16-1112",
  url = 	"http://www.aclweb.org/anthology/D16-1112"
}

@article{See2017,
  author    = {Abigail See and
               Peter J. Liu and
               Christopher D. Manning},
  title     = {Get To The Point: Summarization with Pointer-Generator Networks},
  journal   = {CoRR},
  volume    = {abs/1704.04368},
  year      = {2017},
  url       = {http://arxiv.org/abs/1704.04368},
  archivePrefix = {arXiv},
  eprint    = {1704.04368},
  timestamp = {Wed, 07 Jun 2017 14:40:10 +0200},
  biburl    = {https://dblp.org/rec/bib/journals/corr/SeeLM17},
  bibsource = {dblp computer science bibliography, https://dblp.org}
}

@article{Vinyals2015,
   author = {{Vinyals}, O. and {Fortunato}, M. and {Jaitly}, N.},
    title = "{Pointer Networks}",
  journal = {ArXiv e-prints},
archivePrefix = "arXiv",
   eprint = {1506.03134},
 primaryClass = "stat.ML",
 keywords = {Statistics - Machine Learning, Computer Science - Computational Geometry, Computer Science - Learning, Computer Science - Neural and Evolutionary Computing},
     year = 2015,
    month = jun,
   adsurl = {http://adsabs.harvard.edu/abs/2015arXiv150603134V},
  adsnote = {Provided by the SAO/NASA Astrophysics Data System}
}

@article{Hermann2015,
  author    = {Karl Moritz Hermann and
               Tom{\'{a}}s Kocisk{\'{y}} and
               Edward Grefenstette and
               Lasse Espeholt and
               Will Kay and
               Mustafa Suleyman and
               Phil Blunsom},
  title     = {Teaching Machines to Read and Comprehend},
  journal   = {CoRR},
  volume    = {abs/1506.03340},
  year      = {2015},
  url       = {http://arxiv.org/abs/1506.03340},
  archivePrefix = {arXiv},
  eprint    = {1506.03340},
  timestamp = {Wed, 07 Jun 2017 14:40:25 +0200},
  biburl    = {https://dblp.org/rec/bib/journals/corr/HermannKGEKSB15},
  bibsource = {dblp computer science bibliography, https://dblp.org}
}

@inproceedings{NYT,
title	= {A New Entity Salience Task with Millions of Training Examples},
author	= {Dan Gillick and Jesse Dunietz},
year	= {2014},
booktitle	= {Proceedings of the European Association for Computational Linguistics}
}